<record><leader>00000cas a22000007a 4500</leader><controlfield tag="001">11192581</controlfield><controlfield tag="008">840924d19561973nyuwr ne      0    0eng d</controlfield><controlfield tag="009">148</controlfield><datafield ind1=" " ind2=" " tag="010"><subfield code="a">sn 84031690 </subfield></datafield><datafield ind1=" " ind2=" " tag="040"><subfield code="a">NYG</subfield><subfield code="b">eng</subfield><subfield code="c">NYG</subfield><subfield code="d">NYS</subfield><subfield code="d">OCLCQ</subfield></datafield><datafield ind1=" " ind2=" " tag="042"><subfield code="a">msc</subfield></datafield><datafield ind1="0" ind2="4" tag="245"><subfield code="a">The Turnpike record.</subfield></datafield><datafield ind1=" " ind2=" " tag="260"><subfield code="a">Westmere, N.Y. :</subfield><subfield code="b">[Joan Robinson, Alice Begley, Virginia Potter]</subfield></datafield><datafield ind1=" " ind2=" " tag="300"><subfield code="a">v. :</subfield><subfield code="b">ill. ;</subfield><subfield code="c">39 cm.</subfield></datafield><datafield ind1=" " ind2=" " tag="310"><subfield code="a">Weekly,</subfield><subfield code="b">Nov. 4, 1965-1973</subfield></datafield><datafield ind1=" " ind2=" " tag="321"><subfield code="a">Biweekly,</subfield><subfield code="b">1956-Oct. 28, 1965</subfield></datafield><datafield ind1="0" ind2=" " tag="362"><subfield code="a">Vol. 1, no. 1 (Aug. 23, 1956)-v. 17, no. 25 (Aug. 9, 1973).</subfield></datafield><datafield ind1=" " ind2=" " tag="500"><subfield code="a">Place of publication appears as: Albany, N.Y., &lt;Jan. 1961&gt;-1973.</subfield></datafield><datafield ind1=" " ind2=" " tag="500"><subfield code="a">Publishers: Joan Robinson, Alice Begley, Virginia Potter, 1956-&lt;1957&gt;; Joan Robinson, Alice Begley, &lt;1961&gt;; Alice Begley, &lt;1962&gt;-1970; Albany Voice, Inc., 1970-</subfield></datafield><datafield ind1=" " ind2=" " tag="500"><subfield code="a">"Guilderland's community newspaper," &lt;1965&gt;.</subfield></datafield><datafield ind1=" " ind2="4" tag="651"><subfield code="a">Albany (N.Y.)</subfield><subfield code="v">Newspapers.</subfield></datafield><datafield ind1=" " ind2="4" tag="651"><subfield code="a">Westmere (N.Y.)</subfield><subfield code="v">Newspapers.</subfield></datafield><datafield ind1=" " ind2="4" tag="651"><subfield code="a">Guilderland (N.Y. : Town)</subfield><subfield code="v">Newspapers.</subfield></datafield><datafield ind1=" " ind2=" " tag="752"><subfield code="a">United States</subfield><subfield code="b">New York</subfield><subfield code="c">Albany</subfield><subfield code="d">Albany.</subfield></datafield><datafield ind1=" " ind2=" " tag="752"><subfield code="a">United States</subfield><subfield code="b">New York</subfield><subfield code="c">Albany</subfield><subfield code="d">Westmere.</subfield></datafield><datafield ind1=" " ind2=" " tag="752"><subfield code="a">United States</subfield><subfield code="b">New York</subfield><subfield code="c">Albany</subfield><subfield code="d">Guilderland.</subfield></datafield><datafield ind1="0" ind2="1" tag="780"><subfield code="t">Albany voice</subfield></datafield></record>